@article{Springel:2005nw,
      author         = {Springel, Volker and others},
      title          = {Simulating the joint evolution of quasars, galaxies and
                        their large-scale distribution},
      journal        = "Nature",
      volume         = "435",
      year           = {2005},
      pages          = "629-636",
      doi            = "10.1038/nature03597",
      eprint         = "astro-ph/0504097",
      archivePrefix  = "arXiv",
      primaryClass   = "astro-ph",
      SLACcitation   = "%%CITATION = ASTRO-PH/0504097;%%"
}







@article{Weinberg:2013aya,
      author         = "Weinberg, David H. and Bullock, James S. and Governato,
                        Fabio and Kuzio de Naray, Rachel and Peter, Annika H. G.",
      title          = "{Cold dark matter: controversies on small scales}",
      booktitle      = "{Sackler Colloquium: Dark Matter Universe: On the
                        Threshhold of Discovery Irvine, USA, October 18-20, 2012}",
      journal        = "Proc. Nat. Acad. Sci.",
      volume         = "112",
      year           = "2015",
      pages          = "12249-12255",
      doi            = "10.1073/pnas.1308716112",
      eprint         = "1306.0913",
      archivePrefix  = "arXiv",
      primaryClass   = "astro-ph.CO",
      SLACcitation   = "%%CITATION = ARXIV:1306.0913;%%"
}

@article{Dutton:2018nop,
      author         = "Dutton, Aaron A. and Macciò, Andrea V. and Buck, Tobias
                        and Dixon, Keri L. and Blank, Marvin and Obreja, Aura",
      title          = "{NIHAO XX: The impact of the star formation threshold on
                        the cusp-core transformation of cold dark matter haloes}",
      year           = "2018",
      eprint         = "1811.10625",
      archivePrefix  = "arXiv",
      primaryClass   = "astro-ph.GA",
      SLACcitation   = "%%CITATION = ARXIV:1811.10625;%%"
}

@ARTICLE{Genina:2018,
       author = {{Genina}, Anna and {Ben{\'\i}tez-Llambay}, Alejandro and
         {Frenk}, Carlos S. and {Cole}, Shaun and {Fattahi}, Azadeh and
         {Navarro}, Julio F. and {Oman}, Kyle A. and {Sawala}, Till and
         {Theuns}, Tom},
        title = "{The core-cusp problem: a matter of perspective}",
      journal = {"Mon. Not. Roy. Astron. Soc."},
     keywords = {galaxies: dwarf, galaxies: formation, galaxies: kinematics and dynamics, dark matter, Astrophysics - Astrophysics of Galaxies},
         year = "2018",
        month = "Feb",
       volume = {474},
        pages = {1398-1411},
          doi = {10.1093/mnras/stx2855},
archivePrefix = {arXiv},
       eprint = {1707.06303},
 primaryClass = {astro-ph.GA},
       adsurl = {https://ui.adsabs.harvard.edu/\#abs/2018MNRAS.474.1398G},
      adsnote = {Provided by the SAO/NASA Astrophysics Data System}
}

@article{Read:2018pft,
      author         = "Read, J. I. and Walker, M. G. and Steger, P.",
      title          = "{The case for a cold dark matter cusp in Draco}",
      journal        = "Mon. Not. Roy. Astron. Soc.",
      volume         = "481",
      year           = "2018",
      number         = "1",
      pages          = "860-877",
      doi            = "10.1093/mnras/sty2286",
      eprint         = "1805.06934",
      archivePrefix  = "arXiv",
      primaryClass   = "astro-ph.GA",
      SLACcitation   = "%%CITATION = ARXIV:1805.06934;%%"
}

@ARTICLE{Benitez-Llambay:2018,
       author = {{Benitez-Llambay}, Alejandro and {Frenk}, Carlos S. and
         {Ludlow}, Aaron D. and {Navarro}, Julio F.},
        title = "{Baryon-induced dark matter cores in the EAGLE simulations}",
      journal = {arXiv e-prints},
     keywords = {Astrophysics - Astrophysics of Galaxies},
         year = "2018",
        month = "Oct",
          eid = {arXiv:1810.04186},
        pages = {arXiv:1810.04186},
archivePrefix = {arXiv},
       eprint = {1810.04186},
 primaryClass = {astro-ph.GA},
       adsurl = {https://ui.adsabs.harvard.edu/\#abs/2018arXiv181004186B},
      adsnote = {Provided by the SAO/NASA Astrophysics Data System}
}

@article{Hui:2016ltb,
      author         = "Hui, Lam and Ostriker, Jeremiah P. and Tremaine, Scott
                        and Witten, Edward",
      title          = "{Ultralight scalars as cosmological dark matter}",
      journal        = "Phys. Rev.",
      volume         = "D95",
      year           = "2017",
      number         = "4",
      pages          = "043541",
      doi            = "10.1103/PhysRevD.95.043541",
      eprint         = "1610.08297",
      archivePrefix  = "arXiv",
      primaryClass   = "astro-ph.CO",
      SLACcitation   = "%%CITATION = ARXIV:1610.08297;%%"
}

@article{Schwabe:2016rze,
      author         = "Schwabe, Bodo and Niemeyer, Jens C. and Engels, Jan F.",
      title          = "{Simulations of solitonic core mergers in ultralight
                        axion dark matter cosmologies}",
      journal        = "Phys. Rev.",
      volume         = "D94",
      year           = "2016",
      number         = "4",
      pages          = "043513",
      doi            = "10.1103/PhysRevD.94.043513",
      eprint         = "1606.05151",
      archivePrefix  = "arXiv",
      primaryClass   = "astro-ph.CO",
      SLACcitation   = "%%CITATION = ARXIV:1606.05151;%%"
}

@article{Veltmaat:2018dfz,
      author         = "Veltmaat, Jan and Niemeyer, Jens C. and Schwabe, Bodo",
      title          = "{Formation and structure of ultralight bosonic dark
                        matter halos}",
      journal        = "Phys. Rev.",
      volume         = "D98",
      year           = "2018",
      number         = "4",
      pages          = "043509",
      doi            = "10.1103/PhysRevD.98.043509",
      eprint         = "1804.09647",
      archivePrefix  = "arXiv",
      primaryClass   = "astro-ph.CO",
      SLACcitation   = "%%CITATION = ARXIV:1804.09647;%%"
}

@article{Robles:2018fur,
      author         = "Robles, Victor H. and Bullock, James S. and
                        Boylan-Kolchin, Michael",
      title          = "{Scalar Field Dark Matter: Helping or Hurting Small-Scale
                        Problems in Cosmology?}",
      journal        = "Mon. Not. Roy. Astron. Soc.",
      volume         = "483",
      year           = "2019",
      number         = "1",
      pages          = "289-298",
      doi            = "10.1093/mnras/sty3190",
      eprint         = "1807.06018",
      archivePrefix  = "arXiv",
      primaryClass   = "astro-ph.CO",
      SLACcitation   = "%%CITATION = ARXIV:1807.06018;%%"
}

@article{Maccio:2008pcd,
      author         = "Maccio', Andrea V. and Dutton, Aaron A. and Bosch, Frank
                        C. van den",
      title          = "{Concentration, Spin and Shape of Dark Matter Haloes as a
                        Function of the Cosmological Model: WMAP1, WMAP3 and WMAP5
                        results}",
      journal        = "Mon. Not. Roy. Astron. Soc.",
      volume         = "391",
      year           = "2008",
      pages          = "1940-1954",
      doi            = "10.1111/j.1365-2966.2008.14029.x",
      eprint         = "0805.1926",
      archivePrefix  = "arXiv",
      primaryClass   = "astro-ph",
      SLACcitation   = "%%CITATION = ARXIV:0805.1926;%%"
}

@article{Navarro:1995iw,
      author         = "Navarro, Julio F. and Frenk, Carlos S. and White, Simon
                        D. M.",
      title          = "{The Structure of cold dark matter halos}",
      journal        = "Astrophys. J.",
      volume         = "462",
      year           = "1996",
      pages          = "563-575",
      doi            = "10.1086/177173",
      eprint         = "astro-ph/9508025",
      archivePrefix  = "arXiv",
      primaryClass   = "astro-ph",
      SLACcitation   = "%%CITATION = ASTRO-PH/9508025;%%"
}

@article{Suto:2015jdt,
      author         = "Suto, Daichi and Kitayama, Tetsu and Osato, Ken and
                        Sasaki, Shin and Suto, Yasushi",
      title          = "{Confrontation of Top-Hat Spherical Collapse against Dark
                        Halos from Cosmological N-Body Simulations}",
      journal        = "Publ. Astron. Soc. Jap.",
      volume         = "68",
      year           = "2016",
      number         = "1",
      pages          = "14",
      doi            = "10.1093/pasj/psv122",
      eprint         = "1511.06935",
      archivePrefix  = "arXiv",
      primaryClass   = "astro-ph.CO",
      SLACcitation   = "%%CITATION = ARXIV:1511.06935;%%"
}

@article{Herrera:2017epn,
      author         = "Herrera, D. and Waga, I. and Jorás, S. E.",
      title          = "{Calculation of the critical overdensity in the
                        spherical-collapse approximation}",
      journal        = "Phys. Rev.",
      volume         = "D95",
      year           = "2017",
      number         = "6",
      pages          = "064029",
      doi            = "10.1103/PhysRevD.95.064029",
      eprint         = "1703.05824",
      archivePrefix  = "arXiv",
      primaryClass   = "astro-ph.CO",
      SLACcitation   = "%%CITATION = ARXIV:1703.05824;%%"
}

@article{White:2000jv,
      author         = "White, Martin J.",
      title          = "{The Mass of a halo}",
      journal        = "Astron. Astrophys.",
      volume         = "367",
      year           = "2001",
      pages          = "27",
      doi            = "10.1051/0004-6361:20000357",
      eprint         = "astro-ph/0011495",
      archivePrefix  = "arXiv",
      primaryClass   = "astro-ph",
      SLACcitation   = "%%CITATION = ASTRO-PH/0011495;%%"
}


@article{Ludlow:2013vxa,
      author         = "Ludlow, Aaron D. and Navarro, Julio F. and Angulo, Raul
                        E. and Boylan-Kolchin, Michael and Springel, Volker and
                        Frenk, Carlos and White, Simon D. M.",
      title          = "{The mass–concentration–redshift relation of cold
                        dark matter haloes}",
      journal        = "Mon. Not. Roy. Astron. Soc.",
      volume         = "441",
      year           = "2014",
      number         = "1",
      pages          = "378-388",
      doi            = "10.1093/mnras/stu483",
      eprint         = "1312.0945",
      archivePrefix  = "arXiv",
      primaryClass   = "astro-ph.CO",
      SLACcitation   = "%%CITATION = ARXIV:1312.0945;%%"
}

@ARTICLE{Richings:2018,
       author = {{Richings}, Jack and {Frenk}, Carlos and {Jenkins}, Adrian and
         {Robertson}, Andrew},
        title = "{Subhalo destruction in the Apostle and Auriga simulations}",
      journal = {arXiv e-prints},
     keywords = {Astrophysics - Astrophysics of Galaxies},
         year = "2018",
        month = "Nov",
          eid = {arXiv:1811.12437},
        pages = {arXiv:1811.12437},
archivePrefix = {arXiv},
       eprint = {1811.12437},
 primaryClass = {astro-ph.GA},
       adsurl = {https://ui.adsabs.harvard.edu/\#abs/2018arXiv181112437R},
      adsnote = {Provided by the SAO/NASA Astrophysics Data System}
}

@article{Edwards:2018ccc,
      author         = "Edwards, Faber and Kendall, Emily and Hotchkiss, Shaun
                        and Easther, Richard",
      title          = "{PyUltraLight: A Pseudo-Spectral Solver for Ultralight
                        Dark Matter Dynamics}",
      journal        = "JCAP",
      volume         = "1810",
      year           = "2018",
      number         = "10",
      pages          = "027",
      doi            = "10.1088/1475-7516/2018/10/027",
      eprint         = "1807.04037",
      archivePrefix  = "arXiv",
      primaryClass   = "astro-ph.CO",
      SLACcitation   = "%%CITATION = ARXIV:1807.04037;%%"
}

@article{Schive:2014hza,
      author         = "Schive, Hsi-Yu and Liao, Ming-Hsuan and Woo, Tak-Pong and
                        Wong, Shing-Kwong and Chiueh, Tzihong and Broadhurst, Tom
                        and Hwang, W. -Y. Pauchy",
      title          = "{Understanding the Core-Halo Relation of Quantum Wave
                        Dark Matter from 3D Simulations}",
      journal        = "Phys. Rev. Lett.",
      volume         = "113",
      year           = "2014",
      number         = "26",
      pages          = "261302",
      doi            = "10.1103/PhysRevLett.113.261302",
      eprint         = "1407.7762",
      archivePrefix  = "arXiv",
      primaryClass   = "astro-ph.GA",
      SLACcitation   = "%%CITATION = ARXIV:1407.7762;%%"
}
 

@article{Lelli:2016zqa,
      author         = "Lelli, Federico and McGaugh, Stacy S. and Schombert,
                        James M.",
      title          = "{SPARC: Mass Models for 175 Disk Galaxies with Spitzer
                        Photometry and Accurate Rotation Curves}",
      journal        = "Astron. J.",
      volume         = "152",
      year           = "2016",
      pages          = "157",
      doi            = "10.3847/0004-6256/152/6/157",
      eprint         = "1606.09251",
      archivePrefix  = "arXiv",
      primaryClass   = "astro-ph.GA",
      SLACcitation   = "%%CITATION = ARXIV:1606.09251;%%"
}

@article{Amendola:2005ad,
      author         = "Amendola, Luca and Barbieri, Riccardo",
      title          = "{Dark matter from an ultra-light pseudo-Goldsone-boson}",
      journal        = "Phys. Lett.",
      volume         = "B642",
      year           = "2006",
      pages          = "192-196",
      doi            = "10.1016/j.physletb.2006.08.069",
      eprint         = "hep-ph/0509257",
      archivePrefix  = "arXiv",
      primaryClass   = "hep-ph",
      reportNumber   = "CERN-PH-TH-2005-163",
      SLACcitation   = "%%CITATION = HEP-PH/0509257;%%"
}

@article{Bozek:2014uqa,
      author         = "Bozek, Brandon and Marsh, David J. E. and Silk, Joseph
                        and Wyse, Rosemary F. G.",
      title          = "{Galaxy UV-luminosity function and reionization
                        constraints on axion dark matter}",
      journal        = "Mon. Not. Roy. Astron. Soc.",
      volume         = "450",
      year           = "2015",
      number         = "1",
      pages          = "209-222",
      doi            = "10.1093/mnras/stv624",
      eprint         = "1409.3544",
      archivePrefix  = "arXiv",
      primaryClass   = "astro-ph.CO",
      SLACcitation   = "%%CITATION = ARXIV:1409.3544;%%"
}

@article{Armengaud:2017nkf,
      author         = "Armengaud, Eric and Palanque-Delabrouille, Nathalie and
                        Yèche, Christophe and Marsh, David J. E. and Baur,
                        Julien",
      title          = "{Constraining the mass of light bosonic dark matter using
                        SDSS Lyman-$\alpha$ forest}",
      journal        = "Mon. Not. Roy. Astron. Soc.",
      volume         = "471",
      year           = "2017",
      number         = "4",
      pages          = "4606-4614",
      doi            = "10.1093/mnras/stx1870",
      eprint         = "1703.09126",
      archivePrefix  = "arXiv",
      primaryClass   = "astro-ph.CO",
      SLACcitation   = "%%CITATION = ARXIV:1703.09126;%%"
}

@article{Simon:2019kmm,
      author         = "Simon, Joshua D. and others",
      title          = "{Testing the Nature of Dark Matter with Extremely Large
                        Telescopes}",
      year           = "2019",
      eprint         = "1903.04742",
      archivePrefix  = "arXiv",
      primaryClass   = "astro-ph.CO",
      reportNumber   = "FERMILAB-PUB-19-108-AE",
      SLACcitation   = "%%CITATION = ARXIV:1903.04742;%%"
}

@article{Sofue:2008wt,
      author         = "Sofue, Y. and Honma, M. and Omodaka, T.",
      title          = "{Unified Rotation Curve of the Galaxy -- Decomposition
                        into de Vaucouleurs Bulge, Disk, Dark Halo, and the 9-kpc
                        Rotation Dip --}",
      journal        = "Publ. Astron. Soc. Jap.",
      volume         = "61",
      year           = "2009",
      pages          = "227",
      doi            = "10.1093/pasj/61.2.227",
      eprint         = "0811.0859",
      archivePrefix  = "arXiv",
      primaryClass   = "astro-ph",
      SLACcitation   = "%%CITATION = ARXIV:0811.0859;%%"
}

@article{Lin:2018whl,
      author         = "Lin, Shan-Chang and Schive, Hsi-Yu and Wong, Shing-Kwong
                        and Chiueh, Tzihong",
      title          = "{Self-consistent construction of virialized wave dark
                        matter halos}",
      journal        = "Phys. Rev.",
      volume         = "D97",
      year           = "2018",
      number         = "10",
      pages          = "103523",
      doi            = "10.1103/PhysRevD.97.103523",
      eprint         = "1801.02320",
      archivePrefix  = "arXiv",
      primaryClass   = "astro-ph.CO",
      SLACcitation   = "%%CITATION = ARXIV:1801.02320;%%"
}

@article{Clough:2018exo,
      author         = "Clough, Katy and Dietrich, Tim and Niemeyer, Jens C.",
      title          = "{Axion star collisions with black holes and neutron stars
                        in full 3D numerical relativity}",
      journal        = "Phys. Rev.",
      volume         = "D98",
      year           = "2018",
      number         = "8",
      pages          = "083020",
      doi            = "10.1103/PhysRevD.98.083020",
      eprint         = "1808.04668",
      archivePrefix  = "arXiv",
      primaryClass   = "gr-qc",
      SLACcitation   = "%%CITATION = ARXIV:1808.04668;%%"
}

@article{Mocz:2015sda,
      author         = "Mocz, Philip and Succi, Sauro",
      title          = "{Numerical solution of the nonlinear Schrödinger
                        equation using smoothed-particle hydrodynamics}",
      journal        = "Phys. Rev.",
      volume         = "E91",
      year           = "2015",
      number         = "5",
      pages          = "053304",
      doi            = "10.1103/PhysRevE.91.053304",
      eprint         = "1503.03869",
      archivePrefix  = "arXiv",
      primaryClass   = "physics.comp-ph",
      SLACcitation   = "%%CITATION = ARXIV:1503.03869;%%"
}

@article{Mocz:2017wlg,
      author         = "Mocz, Philip and Vogelsberger, Mark and Robles, Victor H.
                        and Zavala, Jesús and Boylan-Kolchin, Michael and
                        Fialkov, Anastasia and Hernquist, Lars",
      title          = "{Galaxy formation with BECDM – I. Turbulence and
                        relaxation of idealized haloes}",
      journal        = "Mon. Not. Roy. Astron. Soc.",
      volume         = "471",
      year           = "2017",
      number         = "4",
      pages          = "4559-4570",
      doi            = "10.1093/mnras/stx1887",
      eprint         = "1705.05845",
      archivePrefix  = "arXiv",
      primaryClass   = "astro-ph.CO",
      SLACcitation   = "%%CITATION = ARXIV:1705.05845;%%"
}


@article{deBernardis:2000sbo,
      author         = "de Bernardis, P. and others",
      title          = "{A Flat universe from high resolution maps of the cosmic
                        microwave background radiation}",
      collaboration  = "Boomerang",
      journal        = "Nature",
      volume         = "404",
      year           = "2000",
      pages          = "955-959",
      doi            = "10.1038/35010035",
      eprint         = "astro-ph/0004404",
      archivePrefix  = "arXiv",
      primaryClass   = "astro-ph",
      SLACcitation   = "%%CITATION = ASTRO-PH/0004404;%%"
}

@article{Hanany:2000qf,
      author         = "Hanany, S. and others",
      title          = "{MAXIMA-1: A Measurement of the cosmic microwave
                        background anisotropy on angular scales of 10 arcminutes
                        to 5 degrees}",
      journal        = "Astrophys. J.",
      volume         = "545",
      year           = "2000",
      pages          = "L5",
      doi            = "10.1086/317322",
      eprint         = "astro-ph/0005123",
      archivePrefix  = "arXiv",
      primaryClass   = "astro-ph",
      SLACcitation   = "%%CITATION = ASTRO-PH/0005123;%%"
}

@article{Halverson:2001yy,
      author         = "Halverson, N. W. and others",
      title          = "{DASI first results: A Measurement of the cosmic
                        microwave background angular power spectrum}",
      journal        = "Astrophys. J.",
      volume         = "568",
      year           = "2002",
      pages          = "38-45",
      doi            = "10.1086/338879",
      eprint         = "astro-ph/0104489",
      archivePrefix  = "arXiv",
      primaryClass   = "astro-ph",
      SLACcitation   = "%%CITATION = ASTRO-PH/0104489;%%"
}

@article{Netterfield:2001yq,
      author         = "Netterfield, C. B. and others",
      title          = "{A measurement by Boomerang of multiple peaks in the
                        angular power spectrum of the cosmic microwave
                        background}",
      collaboration  = "Boomerang",
      journal        = "Astrophys. J.",
      volume         = "571",
      year           = "2002",
      pages          = "604-614",
      doi            = "10.1086/340118",
      eprint         = "astro-ph/0104460",
      archivePrefix  = "arXiv",
      primaryClass   = "astro-ph",
      SLACcitation   = "%%CITATION = ASTRO-PH/0104460;%%"
}

@article{Lee:2001yp,
      author         = "Lee, A. T. and others",
      title          = "{A High spatial resolution analysis of the MAXIMA-1
                        cosmic microwave background anisotropy data}",
      journal        = "Astrophys. J.",
      volume         = "561",
      year           = "2001",
      pages          = "L1-L6",
      doi            = "10.1086/324437",
      eprint         = "astro-ph/0104459",
      archivePrefix  = "arXiv",
      primaryClass   = "astro-ph",
      SLACcitation   = "%%CITATION = ASTRO-PH/0104459;%%"
}

@article{Ade:2015xua,
      author         = "Ade, P. A. R. and others",
      title          = "{Planck 2015 results. XIII. Cosmological parameters}",
      collaboration  = "Planck",
      journal        = "Astron. Astrophys.",
      volume         = "594",
      year           = "2016",
      pages          = "A13",
      doi            = "10.1051/0004-6361/201525830",
      eprint         = "1502.01589",
      archivePrefix  = "arXiv",
      primaryClass   = "astro-ph.CO",
      SLACcitation   = "%%CITATION = ARXIV:1502.01589;%%"
}


@article{Hu:2001bc,
      author         = "Hu, Wayne and Dodelson, Scott",
      title          = "{Cosmic microwave background anisotropies}",
      journal        = "Ann. Rev. Astron. Astrophys.",
      volume         = "40",
      year           = "2002",
      pages          = "171-216",
      doi            = "10.1146/annurev.astro.40.060401.093926",
      eprint         = "astro-ph/0110414",
      archivePrefix  = "arXiv",
      primaryClass   = "astro-ph",
      reportNumber   = "FERMILAB-PUB-01-328-A",
      SLACcitation   = "%%CITATION = ASTRO-PH/0110414;%%"
}

@article{Moore:1994yx,
      author         = "Moore, B.",
      title          = "{Evidence against dissipationless dark matter from
                        observations of galaxy haloes}",
      journal        = "Nature",
      volume         = "370",
      year           = "1994",
      pages          = "629",
      doi            = "10.1038/370629a0",
      SLACcitation   = "%%CITATION = NATUA,370,629;%%"
}

@article{Ragagnin:2018enf,
      author         = "Ragagnin, Antonio and Dolag, Klaus and Moscardini, Lauro
                        and Biviano, Andrea and D'Onofrio, Mauro",
      title          = "{Dependency of halo concentration on mass, redshift and
                        fossilness in Magneticum hydrodynamic simulations}",
      doi            = "10.1093/mnras/stz1103",
      year           = "2018",
      eprint         = "1810.08212",
      archivePrefix  = "arXiv",
      primaryClass   = "astro-ph.CO",
      SLACcitation   = "%%CITATION = ARXIV:1810.08212;%%"
}

@article{Marsh:2018zyw,
      author         = "Marsh, David J. E. and Niemeyer, Jens C.",
      title          = "{Strong Constraints on Fuzzy Dark Matter from Ultrafaint
                        Dwarf Galaxy Eridanus II}",
      year           = "2018",
      eprint         = "1810.08543",
      archivePrefix  = "arXiv",
      primaryClass   = "astro-ph.CO",
      SLACcitation   = "%%CITATION = ARXIV:1810.08543;%%"
}


@article{Schumann:2019eaa,
      author         = "Schumann, Marc",
      title          = "{Direct Detection of WIMP Dark Matter: Concepts and
                        Status}",
      year           = "2019",
      eprint         = "1903.03026",
      archivePrefix  = "arXiv",
      primaryClass   = "astro-ph.CO",
      SLACcitation   = "%%CITATION = ARXIV:1903.03026;%%"
}

@article{Ni:2019qfa,
      author         = "Ni, Yueying and Wang, Mei-Yu and Feng, Yu and Di Matteo,
                        Tiziana",
      title          = "{Predictions for the Abundance of High-redshift Galaxies
                        in a Fuzzy Dark Matter Universe}",
      year           = "2019",
      eprint         = "1904.01604",
      archivePrefix  = "arXiv",
      primaryClass   = "astro-ph.CO",
      SLACcitation   = "%%CITATION = ARXIV:1904.01604;%%"
}


@inproceedings{Castellano:2019hdd,
      author         = "Castellano, Marco and Menci, Nicola and Grazian, Andrea
                        and Merle, Alexander and Sanchez, Norma G. and Schneider,
                        Aurel and Totzauer, Maximilian",
      title          = "{Constraining Dark Matter models with extremely distant
                        galaxies}",
      booktitle      = "{Proceedings, Vulcano Workshop 2018: Frontier Objects in
                        Astrophysics and Particle Physics: Vulcano Island, Sicily,
                        Italy, May 20-26, 2018}",
      year           = "2018",
      pages          = "200-213",
      eprint         = "1903.12580",
      archivePrefix  = "arXiv",
      primaryClass   = "astro-ph.CO",
      SLACcitation   = "%%CITATION = ARXIV:1903.12580;%%"
}

@article{Lidz:2018fqo,
      author         = "Lidz, Adam and Hui, Lam",
      title          = "{Implications of a prereionization 21-cm absorption
                        signal for fuzzy dark matter}",
      journal        = "Phys. Rev.",
      volume         = "D98",
      year           = "2018",
      number         = "2",
      pages          = "023011",
      doi            = "10.1103/PhysRevD.98.023011",
      eprint         = "1805.01253",
      archivePrefix  = "arXiv",
      primaryClass   = "astro-ph.CO",
      SLACcitation   = "%%CITATION = ARXIV:1805.01253;%%"
}

@article{Davoudiasl:2019nlo,
      author         = "Davoudiasl, Hooman and Denton, Peter B",
      title          = "{Ultra Light Boson Dark Matter and Event Horizon
                        Telescope Observations of M87*}",
      year           = "2019",
      eprint         = "1904.09242",
      archivePrefix  = "arXiv",
      primaryClass   = "astro-ph.CO",
      SLACcitation   = "%%CITATION = ARXIV:1904.09242;%%"
}

@article{Nebrin:2018vqt,
      author         = "Nebrin, Olof and Ghara, Raghunath and Mellema, Garrelt",
      title          = "{Fuzzy Dark Matter at Cosmic Dawn: New 21-cm
                        Constraints}",
      journal        = "JCAP",
      volume         = "2019",
      year           = "2020",
      number         = "04",
      pages          = "051",
      doi            = "10.1088/1475-7516/2019/04/051",
      eprint         = "1812.09760",
      archivePrefix  = "arXiv",
      primaryClass   = "astro-ph.CO",
      SLACcitation   = "%%CITATION = ARXIV:1812.09760;%%"
}

@ARTICLE{2018MNRAS.473.5698D,
       author = {{Dashyan}, Gohar and {Silk}, Joseph and {Mamon}, Gary A. and
         {Dubois}, Yohan and {Hartwig}, Tilman},
        title = "{AGN feedback in dwarf galaxies?}",
      journal = {"Mon. Not. Roy. Astron. Soc."},
     keywords = {black hole physics, methods: analytical, galaxies: active, galaxies: dwarf, galaxies: evolution, galaxies: luminosity function, mass function, Astrophysics - Astrophysics of Galaxies},
         year = "2018",
        month = "Feb",
       volume = {473},
       number = {4},
        pages = {5698-5703},
          doi = {10.1093/mnras/stx2716},
archivePrefix = {arXiv},
       eprint = {1710.05900},
 primaryClass = {astro-ph.GA},
       adsurl = {https://ui.adsabs.harvard.edu/abs/2018MNRAS.473.5698D},
      adsnote = {Provided by the SAO/NASA Astrophysics Data System}
}


@article{Bar2018acw,
      author         = "Bar, Nitsan and Blas, Diego and Blum, Kfir and
                        Sibiryakov, Sergey",
      title          = "{Galactic rotation curves versus ultralight dark matter:
                        Implications of the soliton-host halo relation}",
      journal        = "Phys. Rev.",
      volume         = "D98",
      year           = "2018",
      number         = "8",
      pages          = "083027",
      doi            = "10.1103/PhysRevD.98.083027",
      eprint         = "1805.00122",
      archivePrefix  = "arXiv",
      primaryClass   = "astro-ph.CO",
      reportNumber   = "CERN-TH-2018-102, INR-TH-2018-008, KCL-PH-TH/2018-16",
      SLACcitation   = "%%CITATION = ARXIV:1805.00122;%%"
}

@article{Chavanis:2019faf,
      author         = "Chavanis, Pierre-Henri",
      title          = "{Derivation of the core mass -- halo mass relation of
                        fermionic and bosonic dark matter halos from an effective
                        thermodynamical model}",
      year           = "2019",
      eprint         = "1905.08137",
      archivePrefix  = "arXiv",
      primaryClass   = "astro-ph.CO",
      SLACcitation   = "%%CITATION = ARXIV:1905.08137;%%"
}


@ARTICLE{Watkins2019ApJ,
       author = {{Watkins}, Laura L. and {van der Marel}, Roeland P. and
         {Sohn}, Sangmo Tony and {Evans}, N. Wyn},
        title = "{Evidence for an Intermediate-mass Milky Way from Gaia DR2 Halo Globular Cluster Motions}",
      journal = {\apj},
     keywords = {dark matter, Galaxy: fundamental parameters, Galaxy: halo, Galaxy: kinematics and dynamics, Galaxy: structure, globular clusters: general, Astrophysics - Astrophysics of Galaxies},
         year = "2019",
        month = "Mar",
       volume = {873},
       number = {2},
          eid = {118},
        pages = {118},
          doi = {10.3847/1538-4357/ab089f},
archivePrefix = {arXiv},
       eprint = {1804.11348},
 primaryClass = {astro-ph.GA},
       adsurl = {https://ui.adsabs.harvard.edu/abs/2019ApJ...873..118W},
      adsnote = {Provided by the SAO/NASA Astrophysics Data System}
}

